% This file was created with JabRef 2.9.2.
% Encoding: Cp1252

@BOOK{Bishop2006,
  title = {{P}attern {R}ecognition and {M}achine {L}earning},
  publisher = {Springer},
  year = {2006},
  author = {Bishop, Christopher M.},
  series = {Information Science and Statistics},
  owner = {xiddw},
  timestamp = {2013.08.29}
}

@BOOK{Claeskens2010,
  title = {{M}odel {S}election and {M}odel {A}veraging},
  publisher = {Cambridge University Press},
  year = {2010},
  author = {Claeskens, Gerda and Hjort, Nils Lid},
  series = {Cambridge Series in Statistical and Probabilistic Mathematics},
  owner = {xiddw},
  timestamp = {2013.08.29}
}

@ARTICLE{Fox2011,
  author = {Fox, E.B. and Sudderth, E.B. and Jordan, M.I. and Willsky, A.S.},
  title = {{A Sticky HDP-HMM with Application to Speaker Diarization}},
  journal = {Annals of Applied Statistics},
  year = {2011},
  volume = {5},
  pages = {1020--1056},
  number = {2A}
}

@INPROCEEDINGS{Istrate2005,
  author = {Istrate, Dan and Fredouille, Corinne and Meignier, Sylvain and Besacier,
	Laurent and Bonastre, Jean-François},
  title = {NIST RT'05S Evaluation: Pre-processing Techniques and Speaker Diarization
	on Multiple Microphone Meetings.},
  booktitle = {MLMI},
  year = {2005},
  editor = {Renals, Steve and Bengio, Samy},
  volume = {3869},
  series = {Lecture Notes in Computer Science},
  pages = {428-439},
  publisher = {Springer},
  date = {2006-02-21},
  isbn = {3-540-32549-2},
  keywords = {dblp},
  url = {http://dblp.uni-trier.de/db/conf/mlmi/mlmi2005.html#IstrateFMBB05}
}

@BOOK{Jelinek1998,
  title = {Statistical Methods for Speech Recognition},
  publisher = {MIT Press},
  year = {1998},
  author = {Jelinek, Frederick},
  series = {Language, Speech, and Communication},
  isbn = {0262100665},
  owner = {xiddw},
  timestamp = {2013.08.29}
}

@ARTICLE{Miro2012,
  author = {Miró, Xavier Anguera and Bozonnet, Simon and Evans, Nicholas W. D.
	and Fredouille, Corinne and Friedland, Gerald and Vinyals, Oriol},
  title = {Speaker Diarization: A Review of Recent Research.},
  journal = {IEEE Transactions on Audio, Speech \& Language Processing},
  year = {2012},
  volume = {20},
  pages = {356-370},
  keywords = {dblp},
  url = {http://dblp.uni-trier.de/db/journals/taslp/taslp20.html#MiroBEFFV12}
}

@BOOK{Morgan1991,
  title = {{N}eural {N}etworks and {S}peech {P}rocessing},
  publisher = {Kluwer Academic Publishers},
  year = {1991},
  author = {Morgan, David P. and Scofield, Christopher L.},
  series = {The Kluwer International Series in Engineering and Computer Science.},
  isbn = {0792391446},
  owner = {xiddw},
  timestamp = {2013.09.04}
}

@BOOK{Rabiner1993,
  title = {Fundamentals of speech recognition},
  publisher = {Prentice-Hall, Inc.},
  year = {1993},
  author = {Rabiner, Lawrence and Juang, Biing-Hwang},
  address = {Upper Saddle River, NJ, USA},
  isbn = {0-13-015157-2},
  keywords = {imported}
}

@ARTICLE{Rabiner2007,
  author = {Rabiner, L.R. and Schafer, R.W.},
  title = {Introduction to digital speech processing},
  journal = {Foundations and trends in signal processing},
  year = {2007},
  volume = {1},
  pages = {1--194},
  keywords = {DSP speech},
  publisher = {Now Publishers Inc.}
}

@ARTICLE{Rabiner1989,
  author = {Rabiner, Lawrence R},
  title = {A tutorial on hidden Markov models and selected applications in speech
	recognition},
  journal = {Proceedings of the IEEE},
  year = {1989},
  volume = {77},
  pages = {257--286},
  note = {errata at http://alumni.media.mit.edu/~rahimi/rabiner/rabiner-errata/rabiner-errata.html},
  keywords = {hidden.markov.model hmm tutorial},
  publisher = {IEEE}
}

@ARTICLE{Ryden2008,
  author = {Ryden, Tobias},
  title = {{EM versus Markov chain Monte Carlo for Estimation of Hidden Markov
	Models: A Computational Perspective}},
  journal = {Bayesian Analysis},
  year = {2008},
  keywords = {bayesian, hmm, mcmc},
  url = {http://ba.stat.cmu.edu/journal/2008/vol03/issue04/ryden.pdf}
}

@ARTICLE{Tranter2006,
  author = {Tranter, Sue and Reynolds, Douglas},
  title = {An Overview of Automatic Speaker Diarisation Systems},
  journal = {IEEE Transactions on Speech, Audio \& Language Processing, Special
	Issue on Rich Transcription},
  year = {2006},
  pages = {1557--1565}
}

